@book{spa,
  author =       {Anders M\o{}ller and Michael I. Schwartzbach},
  title =        {{Static Program Analysis}},
  year =         {2018},
  month =        {October},

}

@inproceedings{EAA99,
author = {Blanchet, Bruno},
title = {{Escape Analysis for Object-Oriented Languages: Application to Java}},
year = {1999},
isbn = {1581132387},
publisher = {Association for Computing Machinery},
address = {New York, NY, USA},
url = {https://doi.org/10.1145/320384.320387},
doi = {10.1145/320384.320387},
booktitle = {Proceedings of the 14th ACM SIGPLAN Conference on Object-Oriented Programming, Systems, Languages, and Applications},
pages = {20–34},
numpages = {15},
location = {Denver, Colorado, USA},
series = {OOPSLA '99}
}


@inproceedings{CPAEA99,
author = {Whaley, John and Rinard, Martin},
title = {{Compositional Pointer and Escape Analysis for Java Programs}},
year = {1999},
isbn = {1581132387},
publisher = {Association for Computing Machinery},
address = {New York, NY, USA},
url = {https://doi.org/10.1145/320384.320400},
doi = {10.1145/320384.320400},
booktitle = {{}Proceedings of the 14th ACM SIGPLAN Conference on Object-Oriented Programming, Systems, Languages, and Applications}},
pages = {187–206},
numpages = {20},
location = {Denver, Colorado, USA},
series = {OOPSLA '99}
}




@phdthesis{andersenp2a,
  series={DIKU rapport},
  url={https://books.google.co.in/books?id=3pD1GwAACAAJ},
  publisher={Datalogisk Institut, K{\o}benhavns Universitet},
  author  = {Lars Ole Andersen},
  title   = {{Program Analysis and Specialization for the C Programming Language}},
  school  = {University of Copenhagen},
  year    = {1994}
}

@inproceedings{steengardsp2a,
author = {Steensgaard, Bjarne},
title = {{Points-to Analysis in Almost Linear Time}},
year = {1996},
isbn = {0897917693},
publisher = {Association for Computing Machinery},
address = {New York, NY, USA},
url = {https://doi.org/10.1145/237721.237727},
booktitle = {{Proceedings of the 23rd ACM SIGPLAN-SIGACT Symposium on Principles of Programming Languages}},
pages = {32–41},
numpages = {10},
location = {St. Petersburg Beach, Florida, USA},
series = {POPL '96}
}

@inproceedings{soot,
author = {Vall\'{e}e-Rai, Raja and Co, Phong and Gagnon, Etienne and Hendren, Laurie and Lam, Patrick and Sundaresan, Vijay},
title = {{Soot: A Java Bytecode Optimization Framework}},
year = {2010},
publisher = {IBM Corp.},
address = {USA},
url = {https://doi.org/10.1145/1925805.1925818},
doi = {10.1145/1925805.1925818},
booktitle = {{CASCON First Decade High Impact Papers}},
pages = {214–224},
numpages = {11},
location = {Toronto, Ontario, Canada},
series = {CASCON '10}
}


@inproceedings{GPO,
author = {Kildall, Gary A.},
title = {{A Unified Approach to Global Program Optimization}},
year = {1973},
isbn = {9781450373494},
publisher = {Association for Computing Machinery},
address = {New York, NY, USA},
url = {https://doi.org/10.1145/512927.512945},
booktitle = {{Proceedings of the 1st Annual ACM SIGACT-SIGPLAN Symposium on Principles of Programming Languages}},
pages = {194–206},
numpages = {13},
location = {Boston, Massachusetts},
series = {POPL '73}
}


@article{PYE2019,
author = {Thakur, Manas and Nandivada, V. Krishna},
title = {{PYE: A Framework for Precise-Yet-Efficient Just-In-Time Analyses for Java Programs}},
year = {2019},
issue_date = {September 2019},
publisher = {Association for Computing Machinery},
address = {New York, NY, USA},
volume = {41},
number = {3},
issn = {0164-0925},
url = {https://doi.org/10.1145/3337794},
doi = {10.1145/3337794},
journal = {ACM Transactions on Programming Languages and Systems},
month = {July},
articleno = {16},
numpages = {37},
keywords = {Java program analysis, precise and efficient program analysis}
}

 @misc{JEPP, 
 title={{JEP 401: Primitive Classes (Preview)}}, 
 url={https://openjdk.org/jeps/401}, 
 author={Smith, Dan}, 
 editor={Goetz, Brian}, 
 year={2020}, 
 month={August}} 
 
 @misc{JEPD, 
 title={{JEP draft: Value Objects (Preview)}}, 
 url={https://openjdk.org/jeps/8277163}, 
 author={Smith, Dan}, 
 editor={Goetz, Brian}, 
 year={2021}, 
 month={November}} 
 
 @misc{OpenJ9, 
 title={{Eclipse OpenJ9; not just any Java Virtual Machine}}, 
 author={Dan Heidinga and Sue Chaplain},
 url={https://www.eclipse.org/community/eclipse_newsletter/2018/april/openj9.php},
 year={2018}, 
 month={April}} 

 @misc{PV, 
 title={{State of Valhalla}}, 
 author={Brian Goetz},
 url={https://openjdk.org/projects/valhalla/design-notes/state-of-valhalla/01-background},
 year={2021}, 
 month={December}}
 
@inproceedings{Sr,
author = {Stadler, Lukas and W\"{u}rthinger, Thomas and M\"{o}ssenb\"{o}ck, Hanspeter},
title = {{Partial Escape Analysis and Scalar Replacement for Java}},
year = {2014},
isbn = {9781450326704},
publisher = {Association for Computing Machinery},
address = {New York, NY, USA},
url = {https://doi.org/10.1145/2544137.2544157},
doi = {10.1145/2544137.2544157},
booktitle = {Proceedings of Annual IEEE/ACM International Symposium on Code Generation and Optimization},
pages = {165–174},
numpages = {10},
keywords = {virtual machine, escape analysis, java, speculative optimization, intermediate representation, just-in-time compilation},
location = {Orlando, FL, USA},
series = {CGO '14}
}